@Book{                Knuth1986,
   title        = {The TeXbook},
   author       = {Knuth, Donald E.},
   year         = {1986},
   publisher    = {Addison-Wesley},
   file         = {Knuth1986.pdf},
}
